%YAML 1.1
%TAG !u! tag:unity3d.com,2011:
--- !u!29 &1
OcclusionCullingSettings:
  m_ObjectHideFlags: 0
  serializedVersion: 2
  m_OcclusionBakeSettings:
    smallestOccluder: 5
    smallestHole: 0.25
    backfaceThreshold: 100
  m_SceneGUID: 00000000000000000000000000000000
  m_OcclusionCullingData: {fileID: 0}
--- !u!104 &2
RenderSettings:
  m_ObjectHideFlags: 0
  serializedVersion: 8
  m_Fog: 0
  m_FogColor: {r: 0.5, g: 0.5, b: 0.5, a: 1}
  m_FogMode: 3
  m_FogDensity: 0.01
  m_LinearFogStart: 0
  m_LinearFogEnd: 300
  m_AmbientSkyColor: {r: 0.212, g: 0.227, b: 0.259, a: 1}
  m_AmbientEquatorColor: {r: 0.114, g: 0.125, b: 0.133, a: 1}
  m_AmbientGroundColor: {r: 0.047, g: 0.043, b: 0.035, a: 1}
  m_AmbientIntensity: 1
  m_AmbientMode: 0
  m_SubtractiveShadowColor: {r: 0.42, g: 0.478, b: 0.627, a: 1}
  m_SkyboxMaterial: {fileID: 10304, guid: 0000000000000000f000000000000000, type: 0}
  m_HaloStrength: 0.5
  m_FlareStrength: 1
  m_FlareFadeSpeed: 3
  m_HaloTexture: {fileID: 0}
  m_SpotCookie: {fileID: 10001, guid: 0000000000000000e000000000000000, type: 0}
  m_DefaultReflectionMode: 0
  m_DefaultReflectionResolution: 128
  m_ReflectionBounces: 1
  m_ReflectionIntensity: 1
  m_CustomReflection: {fileID: 0}
  m_Sun: {fileID: 0}
  m_IndirectSpecularColor: {r: 0.37311953, g: 0.38074014, b: 0.3587274, a: 1}
--- !u!157 &3
LightmapSettings:
  m_ObjectHideFlags: 0
  serializedVersion: 11
  m_GIWorkflowMode: 0
  m_GISettings:
    serializedVersion: 2
    m_BounceScale: 1
    m_IndirectOutputScale: 1
    m_AlbedoBoost: 1
    m_TemporalCoherenceThreshold: 1
    m_EnvironmentLightingMode: 0
    m_EnableBakedLightmaps: 1
    m_EnableRealtimeLightmaps: 1
  m_LightmapEditorSettings:
    serializedVersion: 9
    m_Resolution: 2
    m_BakeResolution: 40
    m_TextureWidth: 1024
    m_TextureHeight: 1024
    m_AO: 0
    m_AOMaxDistance: 1
    m_CompAOExponent: 1
    m_CompAOExponentDirect: 0
    m_Padding: 2
    m_LightmapParameters: {fileID: 0}
    m_LightmapsBakeMode: 1
    m_TextureCompression: 1
    m_FinalGather: 0
    m_FinalGatherFiltering: 1
    m_FinalGatherRayCount: 256
    m_ReflectionCompression: 2
    m_MixedBakeMode: 2
    m_BakeBackend: 0
    m_PVRSampling: 1
    m_PVRDirectSampleCount: 32
    m_PVRSampleCount: 500
    m_PVRBounces: 2
    m_PVRFilterTypeDirect: 0
    m_PVRFilterTypeIndirect: 0
    m_PVRFilterTypeAO: 0
    m_PVRFilteringMode: 1
    m_PVRCulling: 1
    m_PVRFilteringGaussRadiusDirect: 1
    m_PVRFilteringGaussRadiusIndirect: 5
    m_PVRFilteringGaussRadiusAO: 2
    m_PVRFilteringAtrousPositionSigmaDirect: 0.5
    m_PVRFilteringAtrousPositionSigmaIndirect: 2
    m_PVRFilteringAtrousPositionSigmaAO: 1
    m_ShowResolutionOverlay: 1
  m_LightingDataAsset: {fileID: 0}
  m_UseShadowmask: 1
--- !u!196 &4
NavMeshSettings:
  serializedVersion: 2
  m_ObjectHideFlags: 0
  m_BuildSettings:
    serializedVersion: 2
    agentTypeID: 0
    agentRadius: 0.5
    agentHeight: 2
    agentSlope: 45
    agentClimb: 0.4
    ledgeDropHeight: 0
    maxJumpAcrossDistance: 0
    minRegionArea: 2
    manualCellSize: 0
    cellSize: 0.16666667
    manualTileSize: 0
    tileSize: 256
    accuratePlacement: 0
    debug:
      m_Flags: 0
  m_NavMeshData: {fileID: 0}
--- !u!1001 &155952525
Prefab:
  m_ObjectHideFlags: 0
  serializedVersion: 2
  m_Modification:
    m_TransformParent: {fileID: 372314615}
    m_Modifications:
    - target: {fileID: 4864613171861766, guid: e58b5ac897666c74bb28990049d1b859, type: 2}
      propertyPath: m_LocalPosition.x
      value: 1
      objectReference: {fileID: 0}
    - target: {fileID: 4864613171861766, guid: e58b5ac897666c74bb28990049d1b859, type: 2}
      propertyPath: m_LocalPosition.y
      value: 0
      objectReference: {fileID: 0}
    - target: {fileID: 4864613171861766, guid: e58b5ac897666c74bb28990049d1b859, type: 2}
      propertyPath: m_LocalPosition.z
      value: 2
      objectReference: {fileID: 0}
    - target: {fileID: 4864613171861766, guid: e58b5ac897666c74bb28990049d1b859, type: 2}
      propertyPath: m_LocalRotation.x
      value: -0
      objectReference: {fileID: 0}
    - target: {fileID: 4864613171861766, guid: e58b5ac897666c74bb28990049d1b859, type: 2}
      propertyPath: m_LocalRotation.y
      value: -0
      objectReference: {fileID: 0}
    - target: {fileID: 4864613171861766, guid: e58b5ac897666c74bb28990049d1b859, type: 2}
      propertyPath: m_LocalRotation.z
      value: -0
      objectReference: {fileID: 0}
    - target: {fileID: 4864613171861766, guid: e58b5ac897666c74bb28990049d1b859, type: 2}
      propertyPath: m_LocalRotation.w
      value: 1
      objectReference: {fileID: 0}
    - target: {fileID: 4864613171861766, guid: e58b5ac897666c74bb28990049d1b859, type: 2}
      propertyPath: m_RootOrder
      value: 8
      objectReference: {fileID: 0}
    - target: {fileID: 1051694256913890, guid: e58b5ac897666c74bb28990049d1b859, type: 2}
      propertyPath: m_Name
      value: Tile (6)
      objectReference: {fileID: 0}
    m_RemovedComponents: []
  m_ParentPrefab: {fileID: 100100000, guid: e58b5ac897666c74bb28990049d1b859, type: 2}
  m_IsPrefabParent: 0
--- !u!224 &253750285 stripped
RectTransform:
  m_PrefabParentObject: {fileID: 224760845638339068, guid: a417e7ee28785e9459f4271011140db0,
    type: 2}
  m_PrefabInternal: {fileID: 1171105705}
--- !u!1001 &261238213
Prefab:
  m_ObjectHideFlags: 0
  serializedVersion: 2
  m_Modification:
    m_TransformParent: {fileID: 372314615}
    m_Modifications:
    - target: {fileID: 4864613171861766, guid: e58b5ac897666c74bb28990049d1b859, type: 2}
      propertyPath: m_LocalPosition.x
      value: 1
      objectReference: {fileID: 0}
    - target: {fileID: 4864613171861766, guid: e58b5ac897666c74bb28990049d1b859, type: 2}
      propertyPath: m_LocalPosition.y
      value: 0
      objectReference: {fileID: 0}
    - target: {fileID: 4864613171861766, guid: e58b5ac897666c74bb28990049d1b859, type: 2}
      propertyPath: m_LocalPosition.z
      value: 0
      objectReference: {fileID: 0}
    - target: {fileID: 4864613171861766, guid: e58b5ac897666c74bb28990049d1b859, type: 2}
      propertyPath: m_LocalRotation.x
      value: -0
      objectReference: {fileID: 0}
    - target: {fileID: 4864613171861766, guid: e58b5ac897666c74bb28990049d1b859, type: 2}
      propertyPath: m_LocalRotation.y
      value: -0
      objectReference: {fileID: 0}
    - target: {fileID: 4864613171861766, guid: e58b5ac897666c74bb28990049d1b859, type: 2}
      propertyPath: m_LocalRotation.z
      value: -0
      objectReference: {fileID: 0}
    - target: {fileID: 4864613171861766, guid: e58b5ac897666c74bb28990049d1b859, type: 2}
      propertyPath: m_LocalRotation.w
      value: 1
      objectReference: {fileID: 0}
    - target: {fileID: 4864613171861766, guid: e58b5ac897666c74bb28990049d1b859, type: 2}
      propertyPath: m_RootOrder
      value: 2
      objectReference: {fileID: 0}
    m_RemovedComponents: []
  m_ParentPrefab: {fileID: 100100000, guid: e58b5ac897666c74bb28990049d1b859, type: 2}
  m_IsPrefabParent: 0
--- !u!4 &304639771 stripped
Transform:
  m_PrefabParentObject: {fileID: 4864613171861766, guid: e58b5ac897666c74bb28990049d1b859,
    type: 2}
  m_PrefabInternal: {fileID: 261238213}
--- !u!1001 &305361999
Prefab:
  m_ObjectHideFlags: 0
  serializedVersion: 2
  m_Modification:
    m_TransformParent: {fileID: 372314615}
    m_Modifications:
    - target: {fileID: 4864613171861766, guid: e58b5ac897666c74bb28990049d1b859, type: 2}
      propertyPath: m_LocalPosition.x
      value: 2
      objectReference: {fileID: 0}
    - target: {fileID: 4864613171861766, guid: e58b5ac897666c74bb28990049d1b859, type: 2}
      propertyPath: m_LocalPosition.y
      value: -0.14
      objectReference: {fileID: 0}
    - target: {fileID: 4864613171861766, guid: e58b5ac897666c74bb28990049d1b859, type: 2}
      propertyPath: m_LocalPosition.z
      value: 0
      objectReference: {fileID: 0}
    - target: {fileID: 4864613171861766, guid: e58b5ac897666c74bb28990049d1b859, type: 2}
      propertyPath: m_LocalRotation.x
      value: -0
      objectReference: {fileID: 0}
    - target: {fileID: 4864613171861766, guid: e58b5ac897666c74bb28990049d1b859, type: 2}
      propertyPath: m_LocalRotation.y
      value: -0
      objectReference: {fileID: 0}
    - target: {fileID: 4864613171861766, guid: e58b5ac897666c74bb28990049d1b859, type: 2}
      propertyPath: m_LocalRotation.z
      value: -0
      objectReference: {fileID: 0}
    - target: {fileID: 4864613171861766, guid: e58b5ac897666c74bb28990049d1b859, type: 2}
      propertyPath: m_LocalRotation.w
      value: 1
      objectReference: {fileID: 0}
    - target: {fileID: 4864613171861766, guid: e58b5ac897666c74bb28990049d1b859, type: 2}
      propertyPath: m_RootOrder
      value: 10
      objectReference: {fileID: 0}
    - target: {fileID: 1051694256913890, guid: e58b5ac897666c74bb28990049d1b859, type: 2}
      propertyPath: m_Name
      value: Tile (8)
      objectReference: {fileID: 0}
    - target: {fileID: 23687643379516610, guid: e58b5ac897666c74bb28990049d1b859,
        type: 2}
      propertyPath: m_Materials.Array.data[0]
      value: 
      objectReference: {fileID: 2100000, guid: dec3feffc9ff3e7459bf592e8aee0679, type: 2}
    m_RemovedComponents: []
  m_ParentPrefab: {fileID: 100100000, guid: e58b5ac897666c74bb28990049d1b859, type: 2}
  m_IsPrefabParent: 0
--- !u!4 &333877758 stripped
Transform:
  m_PrefabParentObject: {fileID: 4864613171861766, guid: e58b5ac897666c74bb28990049d1b859,
    type: 2}
  m_PrefabInternal: {fileID: 1482990175}
--- !u!1 &372314614
GameObject:
  m_ObjectHideFlags: 0
  m_PrefabParentObject: {fileID: 0}
  m_PrefabInternal: {fileID: 0}
  serializedVersion: 5
  m_Component:
  - component: {fileID: 372314615}
  m_Layer: 0
  m_Name: Decoration
  m_TagString: Untagged
  m_Icon: {fileID: 0}
  m_NavMeshLayer: 0
  m_StaticEditorFlags: 0
  m_IsActive: 1
--- !u!4 &372314615
Transform:
  m_ObjectHideFlags: 0
  m_PrefabParentObject: {fileID: 0}
  m_PrefabInternal: {fileID: 0}
  m_GameObject: {fileID: 372314614}
  m_LocalRotation: {x: 0, y: 0, z: 0, w: 1}
  m_LocalPosition: {x: 0, y: 0, z: 0}
  m_LocalScale: {x: 1, y: 1, z: 1}
  m_Children:
  - {fileID: 1498072751}
  - {fileID: 1597980762}
  - {fileID: 304639771}
  - {fileID: 1141828738}
  - {fileID: 480091969}
  - {fileID: 1076932658}
  - {fileID: 333877758}
  - {fileID: 1361328191}
  - {fileID: 2035062063}
  - {fileID: 1886466486}
  - {fileID: 860497807}
  - {fileID: 992788975}
  - {fileID: 1483843571}
  - {fileID: 1963584693}
  - {fileID: 1962178136}
  - {fileID: 2096319984}
  m_Father: {fileID: 0}
  m_RootOrder: 3
  m_LocalEulerAnglesHint: {x: 0, y: 0, z: 0}
--- !u!1001 &374327259
Prefab:
  m_ObjectHideFlags: 0
  serializedVersion: 2
  m_Modification:
    m_TransformParent: {fileID: 372314615}
    m_Modifications:
    - target: {fileID: 4864613171861766, guid: e58b5ac897666c74bb28990049d1b859, type: 2}
      propertyPath: m_LocalPosition.x
      value: -1
      objectReference: {fileID: 0}
    - target: {fileID: 4864613171861766, guid: e58b5ac897666c74bb28990049d1b859, type: 2}
      propertyPath: m_LocalPosition.y
      value: 0
      objectReference: {fileID: 0}
    - target: {fileID: 4864613171861766, guid: e58b5ac897666c74bb28990049d1b859, type: 2}
      propertyPath: m_LocalPosition.z
      value: 1
      objectReference: {fileID: 0}
    - target: {fileID: 4864613171861766, guid: e58b5ac897666c74bb28990049d1b859, type: 2}
      propertyPath: m_LocalRotation.x
      value: -0
      objectReference: {fileID: 0}
    - target: {fileID: 4864613171861766, guid: e58b5ac897666c74bb28990049d1b859, type: 2}
      propertyPath: m_LocalRotation.y
      value: -0
      objectReference: {fileID: 0}
    - target: {fileID: 4864613171861766, guid: e58b5ac897666c74bb28990049d1b859, type: 2}
      propertyPath: m_LocalRotation.z
      value: -0
      objectReference: {fileID: 0}
    - target: {fileID: 4864613171861766, guid: e58b5ac897666c74bb28990049d1b859, type: 2}
      propertyPath: m_LocalRotation.w
      value: 1
      objectReference: {fileID: 0}
    - target: {fileID: 4864613171861766, guid: e58b5ac897666c74bb28990049d1b859, type: 2}
      propertyPath: m_RootOrder
      value: 5
      objectReference: {fileID: 0}
    - target: {fileID: 1051694256913890, guid: e58b5ac897666c74bb28990049d1b859, type: 2}
      propertyPath: m_Name
      value: Tile (3)
      objectReference: {fileID: 0}
    - target: {fileID: 23687643379516610, guid: e58b5ac897666c74bb28990049d1b859,
        type: 2}
      propertyPath: m_Materials.Array.data[0]
      value: 
      objectReference: {fileID: 2100000, guid: dec3feffc9ff3e7459bf592e8aee0679, type: 2}
    m_RemovedComponents: []
  m_ParentPrefab: {fileID: 100100000, guid: e58b5ac897666c74bb28990049d1b859, type: 2}
  m_IsPrefabParent: 0
--- !u!1 &449173798
GameObject:
  m_ObjectHideFlags: 0
  m_PrefabParentObject: {fileID: 0}
  m_PrefabInternal: {fileID: 0}
  serializedVersion: 5
  m_Component:
  - component: {fileID: 449173799}
  - component: {fileID: 449173801}
  - component: {fileID: 449173800}
  m_Layer: 5
  m_Name: Curtain
  m_TagString: Untagged
  m_Icon: {fileID: 0}
  m_NavMeshLayer: 0
  m_StaticEditorFlags: 0
  m_IsActive: 1
--- !u!224 &449173799
RectTransform:
  m_ObjectHideFlags: 0
  m_PrefabParentObject: {fileID: 0}
  m_PrefabInternal: {fileID: 0}
  m_GameObject: {fileID: 449173798}
  m_LocalRotation: {x: -0, y: -0, z: -0, w: 1}
  m_LocalPosition: {x: 0, y: 0, z: 0}
  m_LocalScale: {x: 1, y: 1, z: 1}
  m_Children: []
  m_Father: {fileID: 629186725}
  m_RootOrder: 5
  m_LocalEulerAnglesHint: {x: 0, y: 0, z: 0}
  m_AnchorMin: {x: 0, y: 0}
  m_AnchorMax: {x: 1, y: 1}
  m_AnchoredPosition: {x: 8.400024, y: -9.500043}
  m_SizeDelta: {x: 135.5, y: 126.3999}
  m_Pivot: {x: 0.5, y: 0.5}
--- !u!114 &449173800
MonoBehaviour:
  m_ObjectHideFlags: 0
  m_PrefabParentObject: {fileID: 0}
  m_PrefabInternal: {fileID: 0}
  m_GameObject: {fileID: 449173798}
  m_Enabled: 1
  m_EditorHideFlags: 0
  m_Script: {fileID: -765806418, guid: f5f67c52d1564df4a8936ccd202a3bd8, type: 3}
  m_Name: 
  m_EditorClassIdentifier: 
  m_Material: {fileID: 0}
  m_Color: {r: 0.13333334, g: 0.13333334, b: 0.13333334, a: 1}
  m_RaycastTarget: 0
  m_OnCullStateChanged:
    m_PersistentCalls:
      m_Calls: []
    m_TypeName: UnityEngine.UI.MaskableGraphic+CullStateChangedEvent, UnityEngine.UI,
      Version=1.0.0.0, Culture=neutral, PublicKeyToken=null
  m_Sprite: {fileID: 10907, guid: 0000000000000000f000000000000000, type: 0}
  m_Type: 1
  m_PreserveAspect: 0
  m_FillCenter: 1
  m_FillMethod: 4
  m_FillAmount: 1
  m_FillClockwise: 1
  m_FillOrigin: 0
--- !u!222 &449173801
CanvasRenderer:
  m_ObjectHideFlags: 0
  m_PrefabParentObject: {fileID: 0}
  m_PrefabInternal: {fileID: 0}
  m_GameObject: {fileID: 449173798}
--- !u!1 &449539616
GameObject:
  m_ObjectHideFlags: 0
  m_PrefabParentObject: {fileID: 0}
  m_PrefabInternal: {fileID: 0}
  serializedVersion: 5
  m_Component:
  - component: {fileID: 449539620}
  - component: {fileID: 449539619}
  - component: {fileID: 449539618}
  - component: {fileID: 449539617}
  - component: {fileID: 449539621}
  m_Layer: 0
  m_Name: Main Camera
  m_TagString: MainCamera
  m_Icon: {fileID: 0}
  m_NavMeshLayer: 0
  m_StaticEditorFlags: 0
  m_IsActive: 1
--- !u!81 &449539617
AudioListener:
  m_ObjectHideFlags: 0
  m_PrefabParentObject: {fileID: 0}
  m_PrefabInternal: {fileID: 0}
  m_GameObject: {fileID: 449539616}
  m_Enabled: 1
--- !u!124 &449539618
Behaviour:
  m_ObjectHideFlags: 0
  m_PrefabParentObject: {fileID: 0}
  m_PrefabInternal: {fileID: 0}
  m_GameObject: {fileID: 449539616}
  m_Enabled: 1
--- !u!20 &449539619
Camera:
  m_ObjectHideFlags: 0
  m_PrefabParentObject: {fileID: 0}
  m_PrefabInternal: {fileID: 0}
  m_GameObject: {fileID: 449539616}
  m_Enabled: 1
  serializedVersion: 2
  m_ClearFlags: 2
  m_BackGroundColor: {r: 0.13333334, g: 0.13333334, b: 0.13333334, a: 1}
  m_NormalizedViewPortRect:
    serializedVersion: 2
    x: 0
    y: 0
    width: 1
    height: 1
  near clip plane: 0.3
  far clip plane: 1000
  field of view: 60
  orthographic: 0
  orthographic size: 5
  m_Depth: -1
  m_CullingMask:
    serializedVersion: 2
    m_Bits: 4294967295
  m_RenderingPath: -1
  m_TargetTexture: {fileID: 0}
  m_TargetDisplay: 0
  m_TargetEye: 3
  m_HDR: 1
  m_AllowMSAA: 1
  m_AllowDynamicResolution: 0
  m_ForceIntoRT: 0
  m_OcclusionCulling: 1
  m_StereoConvergence: 10
  m_StereoSeparation: 0.022
--- !u!4 &449539620
Transform:
  m_ObjectHideFlags: 0
  m_PrefabParentObject: {fileID: 0}
  m_PrefabInternal: {fileID: 0}
  m_GameObject: {fileID: 449539616}
  m_LocalRotation: {x: 0.3157045, y: 0.057767022, z: -0.00013283789, w: 0.94709754}
  m_LocalPosition: {x: 0.79, y: 3.41, z: -3.21}
  m_LocalScale: {x: 1, y: 1, z: 1}
  m_Children: []
  m_Father: {fileID: 0}
  m_RootOrder: 1
  m_LocalEulerAnglesHint: {x: 36.728, y: 7.8410006, z: 2.5900002}
--- !u!114 &449539621
MonoBehaviour:
  m_ObjectHideFlags: 0
  m_PrefabParentObject: {fileID: 0}
  m_PrefabInternal: {fileID: 0}
  m_GameObject: {fileID: 449539616}
  m_Enabled: 1
  m_EditorHideFlags: 0
  m_Script: {fileID: 11500000, guid: ff26db721962cdf4a8edcdfa9a767d2a, type: 3}
  m_Name: 
  m_EditorClassIdentifier: 
  profile: {fileID: 11400000, guid: 123bda200d0772549a845325bc1883dc, type: 2}
--- !u!4 &480091969 stripped
Transform:
  m_PrefabParentObject: {fileID: 4864613171861766, guid: e58b5ac897666c74bb28990049d1b859,
    type: 2}
  m_PrefabInternal: {fileID: 1115451218}
--- !u!1 &629186721
GameObject:
  m_ObjectHideFlags: 0
  m_PrefabParentObject: {fileID: 0}
  m_PrefabInternal: {fileID: 0}
  serializedVersion: 5
  m_Component:
  - component: {fileID: 629186725}
  - component: {fileID: 629186724}
  - component: {fileID: 629186723}
  - component: {fileID: 629186722}
  - component: {fileID: 629186726}
  - component: {fileID: 629186727}
  m_Layer: 0
  m_Name: Canvas
  m_TagString: Untagged
  m_Icon: {fileID: 0}
  m_NavMeshLayer: 0
  m_StaticEditorFlags: 0
  m_IsActive: 1
--- !u!114 &629186722
MonoBehaviour:
  m_ObjectHideFlags: 0
  m_PrefabParentObject: {fileID: 0}
  m_PrefabInternal: {fileID: 0}
  m_GameObject: {fileID: 629186721}
  m_Enabled: 1
  m_EditorHideFlags: 0
  m_Script: {fileID: 1301386320, guid: f5f67c52d1564df4a8936ccd202a3bd8, type: 3}
  m_Name: 
  m_EditorClassIdentifier: 
  m_IgnoreReversedGraphics: 1
  m_BlockingObjects: 0
  m_BlockingMask:
    serializedVersion: 2
    m_Bits: 4294967295
--- !u!114 &629186723
MonoBehaviour:
  m_ObjectHideFlags: 0
  m_PrefabParentObject: {fileID: 0}
  m_PrefabInternal: {fileID: 0}
  m_GameObject: {fileID: 629186721}
  m_Enabled: 1
  m_EditorHideFlags: 0
  m_Script: {fileID: 1980459831, guid: f5f67c52d1564df4a8936ccd202a3bd8, type: 3}
  m_Name: 
  m_EditorClassIdentifier: 
  m_UiScaleMode: 0
  m_ReferencePixelsPerUnit: 100
  m_ScaleFactor: 1
  m_ReferenceResolution: {x: 800, y: 600}
  m_ScreenMatchMode: 0
  m_MatchWidthOrHeight: 0
  m_PhysicalUnit: 3
  m_FallbackScreenDPI: 96
  m_DefaultSpriteDPI: 96
  m_DynamicPixelsPerUnit: 1
--- !u!223 &629186724
Canvas:
  m_ObjectHideFlags: 0
  m_PrefabParentObject: {fileID: 0}
  m_PrefabInternal: {fileID: 0}
  m_GameObject: {fileID: 629186721}
  m_Enabled: 1
  serializedVersion: 3
  m_RenderMode: 0
  m_Camera: {fileID: 0}
  m_PlaneDistance: 100
  m_PixelPerfect: 0
  m_ReceivesEvents: 1
  m_OverrideSorting: 0
  m_OverridePixelPerfect: 0
  m_SortingBucketNormalizedSize: 0
  m_AdditionalShaderChannelsFlag: 0
  m_SortingLayerID: 0
  m_SortingOrder: 0
  m_TargetDisplay: 0
--- !u!224 &629186725
RectTransform:
  m_ObjectHideFlags: 0
  m_PrefabParentObject: {fileID: 0}
  m_PrefabInternal: {fileID: 0}
  m_GameObject: {fileID: 629186721}
  m_LocalRotation: {x: 0, y: 0, z: 0, w: 1}
  m_LocalPosition: {x: 0, y: 0, z: 0}
  m_LocalScale: {x: 0, y: 0, z: 0}
  m_Children:
  - {fileID: 253750285}
  - {fileID: 1352235206}
  - {fileID: 641208645}
  - {fileID: 759925643}
  - {fileID: 1897639313}
  - {fileID: 449173799}
  m_Father: {fileID: 0}
  m_RootOrder: 0
  m_LocalEulerAnglesHint: {x: 0, y: 0, z: 0}
  m_AnchorMin: {x: 0, y: 0}
  m_AnchorMax: {x: 0, y: 0}
  m_AnchoredPosition: {x: 0, y: 0}
  m_SizeDelta: {x: 0, y: 0}
  m_Pivot: {x: 0, y: 0}
--- !u!114 &629186726
MonoBehaviour:
  m_ObjectHideFlags: 0
  m_PrefabParentObject: {fileID: 0}
  m_PrefabInternal: {fileID: 0}
  m_GameObject: {fileID: 629186721}
  m_Enabled: 1
  m_EditorHideFlags: 0
  m_Script: {fileID: 11500000, guid: 00bee45ec82f8734b867e6aea573a572, type: 3}
  m_Name: 
  m_EditorClassIdentifier: 
  mainMenuCurtain: {fileID: 449173800}
--- !u!114 &629186727
MonoBehaviour:
  m_ObjectHideFlags: 0
  m_PrefabParentObject: {fileID: 0}
  m_PrefabInternal: {fileID: 0}
  m_GameObject: {fileID: 629186721}
  m_Enabled: 1
  m_EditorHideFlags: 0
  m_Script: {fileID: 1980459831, guid: f70555f144d8491a825f0804e09c671c, type: 3}
  m_Name: 
  m_EditorClassIdentifier: 
  m_UiScaleMode: 1
  m_ReferencePixelsPerUnit: 100
  m_ScaleFactor: 1
  m_ReferenceResolution: {x: 1920, y: 1080}
  m_ScreenMatchMode: 0
  m_MatchWidthOrHeight: 0
  m_PhysicalUnit: 3
  m_FallbackScreenDPI: 96
  m_DefaultSpriteDPI: 96
  m_DynamicPixelsPerUnit: 1
--- !u!1 &641208644
GameObject:
  m_ObjectHideFlags: 0
  m_PrefabParentObject: {fileID: 0}
  m_PrefabInternal: {fileID: 0}
  serializedVersion: 5
  m_Component:
  - component: {fileID: 641208645}
  - component: {fileID: 641208647}
  - component: {fileID: 641208646}
  m_Layer: 0
  m_Name: Title
  m_TagString: Untagged
  m_Icon: {fileID: 0}
  m_NavMeshLayer: 0
  m_StaticEditorFlags: 0
  m_IsActive: 1
--- !u!224 &641208645
RectTransform:
  m_ObjectHideFlags: 0
  m_PrefabParentObject: {fileID: 0}
  m_PrefabInternal: {fileID: 0}
  m_GameObject: {fileID: 641208644}
  m_LocalRotation: {x: 0, y: 0, z: 0, w: 1}
  m_LocalPosition: {x: 0, y: 0, z: 0}
  m_LocalScale: {x: 1, y: 1, z: 1}
  m_Children: []
  m_Father: {fileID: 629186725}
  m_RootOrder: 2
  m_LocalEulerAnglesHint: {x: 0, y: 0, z: 0}
  m_AnchorMin: {x: 0, y: 1}
  m_AnchorMax: {x: 0, y: 1}
  m_AnchoredPosition: {x: 0, y: 0}
  m_SizeDelta: {x: 1365.5, y: 297.9}
  m_Pivot: {x: 0, y: 1}
--- !u!114 &641208646
MonoBehaviour:
  m_ObjectHideFlags: 0
  m_PrefabParentObject: {fileID: 0}
  m_PrefabInternal: {fileID: 0}
  m_GameObject: {fileID: 641208644}
  m_Enabled: 1
  m_EditorHideFlags: 0
  m_Script: {fileID: 708705254, guid: f70555f144d8491a825f0804e09c671c, type: 3}
  m_Name: 
  m_EditorClassIdentifier: 
  m_Material: {fileID: 0}
  m_Color: {r: 0.6102941, g: 0.6102941, b: 0.6102941, a: 1}
  m_RaycastTarget: 1
  m_OnCullStateChanged:
    m_PersistentCalls:
      m_Calls: []
    m_TypeName: UnityEngine.UI.MaskableGraphic+CullStateChangedEvent, UnityEngine.UI,
      Version=1.0.0.0, Culture=neutral, PublicKeyToken=null
  m_FontData:
    m_Font: {fileID: 12800000, guid: f50c40d8479c3f94db6e42af8a5657cf, type: 3}
    m_FontSize: 180
    m_FontStyle: 0
    m_BestFit: 0
    m_MinSize: 0
    m_MaxSize: 200
    m_Alignment: 4
    m_AlignByGeometry: 1
    m_RichText: 1
    m_HorizontalOverflow: 0
    m_VerticalOverflow: 0
    m_LineSpacing: 1
  m_Text: Regular Chess
--- !u!222 &641208647
CanvasRenderer:
  m_ObjectHideFlags: 0
  m_PrefabParentObject: {fileID: 0}
  m_PrefabInternal: {fileID: 0}
  m_GameObject: {fileID: 641208644}
--- !u!1001 &654115603
Prefab:
  m_ObjectHideFlags: 0
  serializedVersion: 2
  m_Modification:
    m_TransformParent: {fileID: 372314615}
    m_Modifications:
    - target: {fileID: 4864613171861766, guid: e58b5ac897666c74bb28990049d1b859, type: 2}
      propertyPath: m_LocalPosition.x
      value: 0
      objectReference: {fileID: 0}
    - target: {fileID: 4864613171861766, guid: e58b5ac897666c74bb28990049d1b859, type: 2}
      propertyPath: m_LocalPosition.y
      value: 0.12
      objectReference: {fileID: 0}
    - target: {fileID: 4864613171861766, guid: e58b5ac897666c74bb28990049d1b859, type: 2}
      propertyPath: m_LocalPosition.z
      value: -1
      objectReference: {fileID: 0}
    - target: {fileID: 4864613171861766, guid: e58b5ac897666c74bb28990049d1b859, type: 2}
      propertyPath: m_LocalRotation.x
      value: -0
      objectReference: {fileID: 0}
    - target: {fileID: 4864613171861766, guid: e58b5ac897666c74bb28990049d1b859, type: 2}
      propertyPath: m_LocalRotation.y
      value: -0
      objectReference: {fileID: 0}
    - target: {fileID: 4864613171861766, guid: e58b5ac897666c74bb28990049d1b859, type: 2}
      propertyPath: m_LocalRotation.z
      value: -0
      objectReference: {fileID: 0}
    - target: {fileID: 4864613171861766, guid: e58b5ac897666c74bb28990049d1b859, type: 2}
      propertyPath: m_LocalRotation.w
      value: 1
      objectReference: {fileID: 0}
    - target: {fileID: 4864613171861766, guid: e58b5ac897666c74bb28990049d1b859, type: 2}
      propertyPath: m_RootOrder
      value: 9
      objectReference: {fileID: 0}
    - target: {fileID: 1051694256913890, guid: e58b5ac897666c74bb28990049d1b859, type: 2}
      propertyPath: m_Name
      value: Tile (7)
      objectReference: {fileID: 0}
    m_RemovedComponents: []
  m_ParentPrefab: {fileID: 100100000, guid: e58b5ac897666c74bb28990049d1b859, type: 2}
  m_IsPrefabParent: 0
--- !u!1001 &689279434
Prefab:
  m_ObjectHideFlags: 0
  serializedVersion: 2
  m_Modification:
    m_TransformParent: {fileID: 372314615}
    m_Modifications:
    - target: {fileID: 4864613171861766, guid: e58b5ac897666c74bb28990049d1b859, type: 2}
      propertyPath: m_LocalPosition.x
      value: 2
      objectReference: {fileID: 0}
    - target: {fileID: 4864613171861766, guid: e58b5ac897666c74bb28990049d1b859, type: 2}
      propertyPath: m_LocalPosition.y
      value: 0
      objectReference: {fileID: 0}
    - target: {fileID: 4864613171861766, guid: e58b5ac897666c74bb28990049d1b859, type: 2}
      propertyPath: m_LocalPosition.z
      value: -2
      objectReference: {fileID: 0}
    - target: {fileID: 4864613171861766, guid: e58b5ac897666c74bb28990049d1b859, type: 2}
      propertyPath: m_LocalRotation.x
      value: -0
      objectReference: {fileID: 0}
    - target: {fileID: 4864613171861766, guid: e58b5ac897666c74bb28990049d1b859, type: 2}
      propertyPath: m_LocalRotation.y
      value: -0
      objectReference: {fileID: 0}
    - target: {fileID: 4864613171861766, guid: e58b5ac897666c74bb28990049d1b859, type: 2}
      propertyPath: m_LocalRotation.z
      value: -0
      objectReference: {fileID: 0}
    - target: {fileID: 4864613171861766, guid: e58b5ac897666c74bb28990049d1b859, type: 2}
      propertyPath: m_LocalRotation.w
      value: 1
      objectReference: {fileID: 0}
    - target: {fileID: 4864613171861766, guid: e58b5ac897666c74bb28990049d1b859, type: 2}
      propertyPath: m_RootOrder
      value: 1
      objectReference: {fileID: 0}
    - target: {fileID: 1051694256913890, guid: e58b5ac897666c74bb28990049d1b859, type: 2}
      propertyPath: m_Name
      value: Tile (13)
      objectReference: {fileID: 0}
    - target: {fileID: 23687643379516610, guid: e58b5ac897666c74bb28990049d1b859,
        type: 2}
      propertyPath: m_Materials.Array.data[0]
      value: 
      objectReference: {fileID: 2100000, guid: dec3feffc9ff3e7459bf592e8aee0679, type: 2}
    m_RemovedComponents: []
  m_ParentPrefab: {fileID: 100100000, guid: e58b5ac897666c74bb28990049d1b859, type: 2}
  m_IsPrefabParent: 0
--- !u!1 &759925642
GameObject:
  m_ObjectHideFlags: 0
  m_PrefabParentObject: {fileID: 0}
  m_PrefabInternal: {fileID: 0}
  serializedVersion: 5
  m_Component:
  - component: {fileID: 759925643}
  - component: {fileID: 759925645}
  - component: {fileID: 759925644}
  m_Layer: 0
  m_Name: Subtitle
  m_TagString: Untagged
  m_Icon: {fileID: 0}
  m_NavMeshLayer: 0
  m_StaticEditorFlags: 0
  m_IsActive: 1
--- !u!224 &759925643
RectTransform:
  m_ObjectHideFlags: 0
  m_PrefabParentObject: {fileID: 0}
  m_PrefabInternal: {fileID: 0}
  m_GameObject: {fileID: 759925642}
  m_LocalRotation: {x: -0, y: -0, z: -0, w: 1}
  m_LocalPosition: {x: 0, y: 0, z: 0}
  m_LocalScale: {x: 1, y: 1, z: 1}
  m_Children: []
  m_Father: {fileID: 629186725}
  m_RootOrder: 3
  m_LocalEulerAnglesHint: {x: 0, y: 0, z: 0}
  m_AnchorMin: {x: 0, y: 1}
  m_AnchorMax: {x: 0, y: 1}
  m_AnchoredPosition: {x: 371, y: -294.69995}
  m_SizeDelta: {x: 742, y: 189.1}
  m_Pivot: {x: 0.5, y: 0.5}
--- !u!114 &759925644
MonoBehaviour:
  m_ObjectHideFlags: 0
  m_PrefabParentObject: {fileID: 0}
  m_PrefabInternal: {fileID: 0}
  m_GameObject: {fileID: 759925642}
  m_Enabled: 1
  m_EditorHideFlags: 0
  m_Script: {fileID: 708705254, guid: f70555f144d8491a825f0804e09c671c, type: 3}
  m_Name: 
  m_EditorClassIdentifier: 
  m_Material: {fileID: 0}
  m_Color: {r: 0.23788927, g: 0.32352942, b: 0.25974226, a: 1}
  m_RaycastTarget: 1
  m_OnCullStateChanged:
    m_PersistentCalls:
      m_Calls: []
    m_TypeName: UnityEngine.UI.MaskableGraphic+CullStateChangedEvent, UnityEngine.UI,
      Version=1.0.0.0, Culture=neutral, PublicKeyToken=null
  m_FontData:
    m_Font: {fileID: 12800000, guid: f50c40d8479c3f94db6e42af8a5657cf, type: 3}
    m_FontSize: 125
    m_FontStyle: 0
    m_BestFit: 0
    m_MinSize: 0
    m_MaxSize: 125
    m_Alignment: 4
    m_AlignByGeometry: 0
    m_RichText: 1
    m_HorizontalOverflow: 0
    m_VerticalOverflow: 0
    m_LineSpacing: 1
  m_Text: with Sam
--- !u!222 &759925645
CanvasRenderer:
  m_ObjectHideFlags: 0
  m_PrefabParentObject: {fileID: 0}
  m_PrefabInternal: {fileID: 0}
  m_GameObject: {fileID: 759925642}
--- !u!4 &860497807 stripped
Transform:
  m_PrefabParentObject: {fileID: 4864613171861766, guid: e58b5ac897666c74bb28990049d1b859,
    type: 2}
  m_PrefabInternal: {fileID: 305361999}
--- !u!1001 &952298362
Prefab:
  m_ObjectHideFlags: 0
  serializedVersion: 2
  m_Modification:
    m_TransformParent: {fileID: 372314615}
    m_Modifications:
    - target: {fileID: 4864613171861766, guid: e58b5ac897666c74bb28990049d1b859, type: 2}
      propertyPath: m_LocalPosition.x
      value: -2
      objectReference: {fileID: 0}
    - target: {fileID: 4864613171861766, guid: e58b5ac897666c74bb28990049d1b859, type: 2}
      propertyPath: m_LocalPosition.y
      value: -0.09
      objectReference: {fileID: 0}
    - target: {fileID: 4864613171861766, guid: e58b5ac897666c74bb28990049d1b859, type: 2}
      propertyPath: m_LocalPosition.z
      value: 2
      objectReference: {fileID: 0}
    - target: {fileID: 4864613171861766, guid: e58b5ac897666c74bb28990049d1b859, type: 2}
      propertyPath: m_LocalRotation.x
      value: -0
      objectReference: {fileID: 0}
    - target: {fileID: 4864613171861766, guid: e58b5ac897666c74bb28990049d1b859, type: 2}
      propertyPath: m_LocalRotation.y
      value: -0
      objectReference: {fileID: 0}
    - target: {fileID: 4864613171861766, guid: e58b5ac897666c74bb28990049d1b859, type: 2}
      propertyPath: m_LocalRotation.z
      value: -0
      objectReference: {fileID: 0}
    - target: {fileID: 4864613171861766, guid: e58b5ac897666c74bb28990049d1b859, type: 2}
      propertyPath: m_LocalRotation.w
      value: 1
      objectReference: {fileID: 0}
    - target: {fileID: 4864613171861766, guid: e58b5ac897666c74bb28990049d1b859, type: 2}
      propertyPath: m_RootOrder
      value: 12
      objectReference: {fileID: 0}
    - target: {fileID: 1051694256913890, guid: e58b5ac897666c74bb28990049d1b859, type: 2}
      propertyPath: m_Name
      value: Tile (10)
      objectReference: {fileID: 0}
    - target: {fileID: 23687643379516610, guid: e58b5ac897666c74bb28990049d1b859,
        type: 2}
      propertyPath: m_Materials.Array.data[0]
      value: 
      objectReference: {fileID: 2100000, guid: dec3feffc9ff3e7459bf592e8aee0679, type: 2}
    m_RemovedComponents: []
  m_ParentPrefab: {fileID: 100100000, guid: e58b5ac897666c74bb28990049d1b859, type: 2}
  m_IsPrefabParent: 0
--- !u!1 &992788970 stripped
GameObject:
  m_PrefabParentObject: {fileID: 1051694256913890, guid: e58b5ac897666c74bb28990049d1b859,
    type: 2}
  m_PrefabInternal: {fileID: 1037874793}
--- !u!114 &992788971
MonoBehaviour:
  m_ObjectHideFlags: 0
  m_PrefabParentObject: {fileID: 0}
  m_PrefabInternal: {fileID: 0}
  m_GameObject: {fileID: 992788970}
  m_Enabled: 1
  m_EditorHideFlags: 0
  m_Script: {fileID: 11500000, guid: bcd20d96d573e9a4b9fe73a1300a8ad2, type: 3}
  m_Name: 
  m_EditorClassIdentifier: 
  AMPLITUDE: 0.3
  SPEED: 0.5
  timeOffset: 1
--- !u!4 &992788975 stripped
Transform:
  m_PrefabParentObject: {fileID: 4864613171861766, guid: e58b5ac897666c74bb28990049d1b859,
    type: 2}
  m_PrefabInternal: {fileID: 1037874793}
--- !u!1001 &1037874793
Prefab:
  m_ObjectHideFlags: 0
  serializedVersion: 2
  m_Modification:
    m_TransformParent: {fileID: 372314615}
    m_Modifications:
    - target: {fileID: 4864613171861766, guid: e58b5ac897666c74bb28990049d1b859, type: 2}
      propertyPath: m_LocalPosition.x
      value: 3
      objectReference: {fileID: 0}
    - target: {fileID: 4864613171861766, guid: e58b5ac897666c74bb28990049d1b859, type: 2}
      propertyPath: m_LocalPosition.y
      value: 0
      objectReference: {fileID: 0}
    - target: {fileID: 4864613171861766, guid: e58b5ac897666c74bb28990049d1b859, type: 2}
      propertyPath: m_LocalPosition.z
      value: 1
      objectReference: {fileID: 0}
    - target: {fileID: 4864613171861766, guid: e58b5ac897666c74bb28990049d1b859, type: 2}
      propertyPath: m_LocalRotation.x
      value: -0
      objectReference: {fileID: 0}
    - target: {fileID: 4864613171861766, guid: e58b5ac897666c74bb28990049d1b859, type: 2}
      propertyPath: m_LocalRotation.y
      value: -0
      objectReference: {fileID: 0}
    - target: {fileID: 4864613171861766, guid: e58b5ac897666c74bb28990049d1b859, type: 2}
      propertyPath: m_LocalRotation.z
      value: -0
      objectReference: {fileID: 0}
    - target: {fileID: 4864613171861766, guid: e58b5ac897666c74bb28990049d1b859, type: 2}
      propertyPath: m_LocalRotation.w
      value: 1
      objectReference: {fileID: 0}
    - target: {fileID: 4864613171861766, guid: e58b5ac897666c74bb28990049d1b859, type: 2}
      propertyPath: m_RootOrder
      value: 11
      objectReference: {fileID: 0}
    - target: {fileID: 1051694256913890, guid: e58b5ac897666c74bb28990049d1b859, type: 2}
      propertyPath: m_Name
      value: Tile (9)
      objectReference: {fileID: 0}
    - target: {fileID: 23687643379516610, guid: e58b5ac897666c74bb28990049d1b859,
        type: 2}
      propertyPath: m_Materials.Array.data[0]
      value: 
      objectReference: {fileID: 2100000, guid: dec3feffc9ff3e7459bf592e8aee0679, type: 2}
    m_RemovedComponents: []
  m_ParentPrefab: {fileID: 100100000, guid: e58b5ac897666c74bb28990049d1b859, type: 2}
  m_IsPrefabParent: 0
--- !u!4 &1076932658 stripped
Transform:
  m_PrefabParentObject: {fileID: 4864613171861766, guid: e58b5ac897666c74bb28990049d1b859,
    type: 2}
  m_PrefabInternal: {fileID: 374327259}
--- !u!1001 &1115451218
Prefab:
  m_ObjectHideFlags: 0
  serializedVersion: 2
  m_Modification:
    m_TransformParent: {fileID: 372314615}
    m_Modifications:
    - target: {fileID: 4864613171861766, guid: e58b5ac897666c74bb28990049d1b859, type: 2}
      propertyPath: m_LocalPosition.x
      value: -1
      objectReference: {fileID: 0}
    - target: {fileID: 4864613171861766, guid: e58b5ac897666c74bb28990049d1b859, type: 2}
      propertyPath: m_LocalPosition.y
      value: 0.1
      objectReference: {fileID: 0}
    - target: {fileID: 4864613171861766, guid: e58b5ac897666c74bb28990049d1b859, type: 2}
      propertyPath: m_LocalPosition.z
      value: 0
      objectReference: {fileID: 0}
    - target: {fileID: 4864613171861766, guid: e58b5ac897666c74bb28990049d1b859, type: 2}
      propertyPath: m_LocalRotation.x
      value: -0
      objectReference: {fileID: 0}
    - target: {fileID: 4864613171861766, guid: e58b5ac897666c74bb28990049d1b859, type: 2}
      propertyPath: m_LocalRotation.y
      value: -0
      objectReference: {fileID: 0}
    - target: {fileID: 4864613171861766, guid: e58b5ac897666c74bb28990049d1b859, type: 2}
      propertyPath: m_LocalRotation.z
      value: -0
      objectReference: {fileID: 0}
    - target: {fileID: 4864613171861766, guid: e58b5ac897666c74bb28990049d1b859, type: 2}
      propertyPath: m_LocalRotation.w
      value: 1
      objectReference: {fileID: 0}
    - target: {fileID: 4864613171861766, guid: e58b5ac897666c74bb28990049d1b859, type: 2}
      propertyPath: m_RootOrder
      value: 4
      objectReference: {fileID: 0}
    - target: {fileID: 1051694256913890, guid: e58b5ac897666c74bb28990049d1b859, type: 2}
      propertyPath: m_Name
      value: Tile (2)
      objectReference: {fileID: 0}
    m_RemovedComponents: []
  m_ParentPrefab: {fileID: 100100000, guid: e58b5ac897666c74bb28990049d1b859, type: 2}
  m_IsPrefabParent: 0
--- !u!4 &1141828738 stripped
Transform:
  m_PrefabParentObject: {fileID: 4864613171861766, guid: e58b5ac897666c74bb28990049d1b859,
    type: 2}
  m_PrefabInternal: {fileID: 1914249091}
--- !u!1001 &1171105705
Prefab:
  m_ObjectHideFlags: 0
  serializedVersion: 2
  m_Modification:
    m_TransformParent: {fileID: 629186725}
    m_Modifications:
    - target: {fileID: 224760845638339068, guid: a417e7ee28785e9459f4271011140db0,
        type: 2}
      propertyPath: m_LocalPosition.x
      value: 0
      objectReference: {fileID: 0}
    - target: {fileID: 224760845638339068, guid: a417e7ee28785e9459f4271011140db0,
        type: 2}
      propertyPath: m_LocalPosition.y
      value: 0
      objectReference: {fileID: 0}
    - target: {fileID: 224760845638339068, guid: a417e7ee28785e9459f4271011140db0,
        type: 2}
      propertyPath: m_LocalPosition.z
      value: 0
      objectReference: {fileID: 0}
    - target: {fileID: 224760845638339068, guid: a417e7ee28785e9459f4271011140db0,
        type: 2}
      propertyPath: m_LocalRotation.x
      value: 0
      objectReference: {fileID: 0}
    - target: {fileID: 224760845638339068, guid: a417e7ee28785e9459f4271011140db0,
        type: 2}
      propertyPath: m_LocalRotation.y
      value: 0
      objectReference: {fileID: 0}
    - target: {fileID: 224760845638339068, guid: a417e7ee28785e9459f4271011140db0,
        type: 2}
      propertyPath: m_LocalRotation.z
      value: 0
      objectReference: {fileID: 0}
    - target: {fileID: 224760845638339068, guid: a417e7ee28785e9459f4271011140db0,
        type: 2}
      propertyPath: m_LocalRotation.w
      value: 1
      objectReference: {fileID: 0}
    - target: {fileID: 224760845638339068, guid: a417e7ee28785e9459f4271011140db0,
        type: 2}
      propertyPath: m_RootOrder
      value: 0
      objectReference: {fileID: 0}
    - target: {fileID: 224760845638339068, guid: a417e7ee28785e9459f4271011140db0,
        type: 2}
      propertyPath: m_AnchoredPosition.x
      value: -328.00012
      objectReference: {fileID: 0}
    - target: {fileID: 224760845638339068, guid: a417e7ee28785e9459f4271011140db0,
        type: 2}
      propertyPath: m_AnchoredPosition.y
      value: -269.40002
      objectReference: {fileID: 0}
    - target: {fileID: 224760845638339068, guid: a417e7ee28785e9459f4271011140db0,
        type: 2}
      propertyPath: m_SizeDelta.x
      value: 374.2
      objectReference: {fileID: 0}
    - target: {fileID: 224760845638339068, guid: a417e7ee28785e9459f4271011140db0,
        type: 2}
      propertyPath: m_SizeDelta.y
      value: 116.7
      objectReference: {fileID: 0}
    - target: {fileID: 224760845638339068, guid: a417e7ee28785e9459f4271011140db0,
        type: 2}
      propertyPath: m_AnchorMin.x
      value: 1
      objectReference: {fileID: 0}
    - target: {fileID: 224760845638339068, guid: a417e7ee28785e9459f4271011140db0,
        type: 2}
      propertyPath: m_AnchorMin.y
      value: 1
      objectReference: {fileID: 0}
    - target: {fileID: 224760845638339068, guid: a417e7ee28785e9459f4271011140db0,
        type: 2}
      propertyPath: m_AnchorMax.x
      value: 1
      objectReference: {fileID: 0}
    - target: {fileID: 224760845638339068, guid: a417e7ee28785e9459f4271011140db0,
        type: 2}
      propertyPath: m_AnchorMax.y
      value: 1
      objectReference: {fileID: 0}
    - target: {fileID: 224760845638339068, guid: a417e7ee28785e9459f4271011140db0,
        type: 2}
      propertyPath: m_Pivot.x
      value: 0.5
      objectReference: {fileID: 0}
    - target: {fileID: 224760845638339068, guid: a417e7ee28785e9459f4271011140db0,
        type: 2}
      propertyPath: m_Pivot.y
      value: 0.49999997
      objectReference: {fileID: 0}
    - target: {fileID: 1821536606265894, guid: a417e7ee28785e9459f4271011140db0, type: 2}
      propertyPath: m_Name
      value: Start Game
      objectReference: {fileID: 0}
    - target: {fileID: 114619650731174916, guid: a417e7ee28785e9459f4271011140db0,
        type: 2}
      propertyPath: m_Text
      value: 'Start Game

'
      objectReference: {fileID: 0}
    - target: {fileID: 114619650731174916, guid: a417e7ee28785e9459f4271011140db0,
        type: 2}
      propertyPath: m_FontData.m_FontSize
      value: 60
      objectReference: {fileID: 0}
    - target: {fileID: 114619650731174916, guid: a417e7ee28785e9459f4271011140db0,
        type: 2}
      propertyPath: m_FontData.m_AlignByGeometry
      value: 1
      objectReference: {fileID: 0}
    - target: {fileID: 114619650731174916, guid: a417e7ee28785e9459f4271011140db0,
        type: 2}
      propertyPath: m_FontData.m_Alignment
      value: 4
      objectReference: {fileID: 0}
    - target: {fileID: 114619650731174916, guid: a417e7ee28785e9459f4271011140db0,
        type: 2}
      propertyPath: m_FontData.m_BestFit
      value: 0
      objectReference: {fileID: 0}
    - target: {fileID: 114880510197303908, guid: a417e7ee28785e9459f4271011140db0,
        type: 2}
      propertyPath: m_Colors.m_NormalColor.r
      value: 0.7794118
      objectReference: {fileID: 0}
    - target: {fileID: 114880510197303908, guid: a417e7ee28785e9459f4271011140db0,
        type: 2}
      propertyPath: m_Colors.m_NormalColor.g
      value: 0.7794118
      objectReference: {fileID: 0}
    - target: {fileID: 114880510197303908, guid: a417e7ee28785e9459f4271011140db0,
        type: 2}
      propertyPath: m_Colors.m_NormalColor.b
      value: 0.7794118
      objectReference: {fileID: 0}
    - target: {fileID: 114880510197303908, guid: a417e7ee28785e9459f4271011140db0,
        type: 2}
      propertyPath: m_OnClick.m_PersistentCalls.m_Calls.Array.data[0].m_Target
      value: 
      objectReference: {fileID: 629186726}
    - target: {fileID: 114880510197303908, guid: a417e7ee28785e9459f4271011140db0,
        type: 2}
      propertyPath: m_OnClick.m_PersistentCalls.m_Calls.Array.data[0].m_MethodName
      value: StartGame
      objectReference: {fileID: 0}
    - target: {fileID: 114880510197303908, guid: a417e7ee28785e9459f4271011140db0,
        type: 2}
      propertyPath: m_OnClick.m_PersistentCalls.m_Calls.Array.data[0].m_Mode
      value: 1
      objectReference: {fileID: 0}
    - target: {fileID: 114619650731174916, guid: a417e7ee28785e9459f4271011140db0,
        type: 2}
      propertyPath: m_FontData.m_Font
      value: 
      objectReference: {fileID: 12800000, guid: f50c40d8479c3f94db6e42af8a5657cf,
        type: 3}
    - target: {fileID: 114619650731174916, guid: a417e7ee28785e9459f4271011140db0,
        type: 2}
      propertyPath: m_Color.r
      value: 0.13333334
      objectReference: {fileID: 0}
    - target: {fileID: 114619650731174916, guid: a417e7ee28785e9459f4271011140db0,
        type: 2}
      propertyPath: m_Color.g
      value: 0.13333334
      objectReference: {fileID: 0}
    - target: {fileID: 114619650731174916, guid: a417e7ee28785e9459f4271011140db0,
        type: 2}
      propertyPath: m_Color.b
      value: 0.13333334
      objectReference: {fileID: 0}
    - target: {fileID: 114619650731174916, guid: a417e7ee28785e9459f4271011140db0,
        type: 2}
      propertyPath: m_FontData.m_MinSize
      value: 0
      objectReference: {fileID: 0}
    - target: {fileID: 114787788779828154, guid: a417e7ee28785e9459f4271011140db0,
        type: 2}
      propertyPath: m_Color.r
      value: 0.6985294
      objectReference: {fileID: 0}
    - target: {fileID: 114787788779828154, guid: a417e7ee28785e9459f4271011140db0,
        type: 2}
      propertyPath: m_Color.g
      value: 0.6985294
      objectReference: {fileID: 0}
    - target: {fileID: 114787788779828154, guid: a417e7ee28785e9459f4271011140db0,
        type: 2}
      propertyPath: m_Color.b
      value: 0.6985294
      objectReference: {fileID: 0}
    - target: {fileID: 114619650731174916, guid: a417e7ee28785e9459f4271011140db0,
        type: 2}
      propertyPath: m_FontData.m_MaxSize
      value: 70
      objectReference: {fileID: 0}
    - target: {fileID: 114880510197303908, guid: a417e7ee28785e9459f4271011140db0,
        type: 2}
      propertyPath: m_Colors.m_HighlightedColor.r
      value: 0.3838668
      objectReference: {fileID: 0}
    - target: {fileID: 114880510197303908, guid: a417e7ee28785e9459f4271011140db0,
        type: 2}
      propertyPath: m_Colors.m_HighlightedColor.g
      value: 0.52205884
      objectReference: {fileID: 0}
    - target: {fileID: 114880510197303908, guid: a417e7ee28785e9459f4271011140db0,
        type: 2}
      propertyPath: m_Colors.m_HighlightedColor.b
      value: 0.4152741
      objectReference: {fileID: 0}
    m_RemovedComponents: []
  m_ParentPrefab: {fileID: 100100000, guid: a417e7ee28785e9459f4271011140db0, type: 2}
  m_IsPrefabParent: 0
--- !u!1001 &1177335727
Prefab:
  m_ObjectHideFlags: 0
  serializedVersion: 2
  m_Modification:
    m_TransformParent: {fileID: 372314615}
    m_Modifications:
    - target: {fileID: 4274709906411902, guid: c284d6034b33775418414ee6a0d53a73, type: 2}
      propertyPath: m_LocalPosition.x
      value: 0
      objectReference: {fileID: 0}
    - target: {fileID: 4274709906411902, guid: c284d6034b33775418414ee6a0d53a73, type: 2}
      propertyPath: m_LocalPosition.y
      value: 0
      objectReference: {fileID: 0}
    - target: {fileID: 4274709906411902, guid: c284d6034b33775418414ee6a0d53a73, type: 2}
      propertyPath: m_LocalPosition.z
      value: 0
      objectReference: {fileID: 0}
    - target: {fileID: 4274709906411902, guid: c284d6034b33775418414ee6a0d53a73, type: 2}
      propertyPath: m_LocalRotation.x
      value: -0
      objectReference: {fileID: 0}
    - target: {fileID: 4274709906411902, guid: c284d6034b33775418414ee6a0d53a73, type: 2}
      propertyPath: m_LocalRotation.y
      value: -0
      objectReference: {fileID: 0}
    - target: {fileID: 4274709906411902, guid: c284d6034b33775418414ee6a0d53a73, type: 2}
      propertyPath: m_LocalRotation.z
      value: -0
      objectReference: {fileID: 0}
    - target: {fileID: 4274709906411902, guid: c284d6034b33775418414ee6a0d53a73, type: 2}
      propertyPath: m_LocalRotation.w
      value: 1
      objectReference: {fileID: 0}
    - target: {fileID: 4274709906411902, guid: c284d6034b33775418414ee6a0d53a73, type: 2}
      propertyPath: m_RootOrder
      value: 13
      objectReference: {fileID: 0}
    - target: {fileID: 33299068532863890, guid: c284d6034b33775418414ee6a0d53a73,
        type: 2}
      propertyPath: m_Mesh
      value: 
      objectReference: {fileID: 4300018, guid: 0306dd3692ac51e46978dbc9b43eec6a, type: 3}
    - target: {fileID: 23282249015244606, guid: c284d6034b33775418414ee6a0d53a73,
        type: 2}
      propertyPath: m_Materials.Array.data[0]
      value: 
      objectReference: {fileID: 2100000, guid: b06a455a3f43c33409f89b877419537d, type: 2}
    m_RemovedComponents: []
  m_ParentPrefab: {fileID: 100100000, guid: c284d6034b33775418414ee6a0d53a73, type: 2}
  m_IsPrefabParent: 0
--- !u!1001 &1352235205
Prefab:
  m_ObjectHideFlags: 0
  serializedVersion: 2
  m_Modification:
    m_TransformParent: {fileID: 629186725}
    m_Modifications:
    - target: {fileID: 224760845638339068, guid: a417e7ee28785e9459f4271011140db0,
        type: 2}
      propertyPath: m_LocalPosition.x
      value: 0
      objectReference: {fileID: 0}
    - target: {fileID: 224760845638339068, guid: a417e7ee28785e9459f4271011140db0,
        type: 2}
      propertyPath: m_LocalPosition.y
      value: 0
      objectReference: {fileID: 0}
    - target: {fileID: 224760845638339068, guid: a417e7ee28785e9459f4271011140db0,
        type: 2}
      propertyPath: m_LocalPosition.z
      value: 0
      objectReference: {fileID: 0}
    - target: {fileID: 224760845638339068, guid: a417e7ee28785e9459f4271011140db0,
        type: 2}
      propertyPath: m_LocalRotation.x
      value: -0
      objectReference: {fileID: 0}
    - target: {fileID: 224760845638339068, guid: a417e7ee28785e9459f4271011140db0,
        type: 2}
      propertyPath: m_LocalRotation.y
      value: -0
      objectReference: {fileID: 0}
    - target: {fileID: 224760845638339068, guid: a417e7ee28785e9459f4271011140db0,
        type: 2}
      propertyPath: m_LocalRotation.z
      value: -0
      objectReference: {fileID: 0}
    - target: {fileID: 224760845638339068, guid: a417e7ee28785e9459f4271011140db0,
        type: 2}
      propertyPath: m_LocalRotation.w
      value: 1
      objectReference: {fileID: 0}
    - target: {fileID: 224760845638339068, guid: a417e7ee28785e9459f4271011140db0,
        type: 2}
      propertyPath: m_RootOrder
      value: 1
      objectReference: {fileID: 0}
    - target: {fileID: 224760845638339068, guid: a417e7ee28785e9459f4271011140db0,
        type: 2}
      propertyPath: m_AnchoredPosition.x
      value: -328
      objectReference: {fileID: 0}
    - target: {fileID: 224760845638339068, guid: a417e7ee28785e9459f4271011140db0,
        type: 2}
      propertyPath: m_AnchoredPosition.y
      value: -425
      objectReference: {fileID: 0}
    - target: {fileID: 224760845638339068, guid: a417e7ee28785e9459f4271011140db0,
        type: 2}
      propertyPath: m_SizeDelta.x
      value: 374.2
      objectReference: {fileID: 0}
    - target: {fileID: 224760845638339068, guid: a417e7ee28785e9459f4271011140db0,
        type: 2}
      propertyPath: m_SizeDelta.y
      value: 116.7
      objectReference: {fileID: 0}
    - target: {fileID: 224760845638339068, guid: a417e7ee28785e9459f4271011140db0,
        type: 2}
      propertyPath: m_AnchorMin.x
      value: 1
      objectReference: {fileID: 0}
    - target: {fileID: 224760845638339068, guid: a417e7ee28785e9459f4271011140db0,
        type: 2}
      propertyPath: m_AnchorMin.y
      value: 1
      objectReference: {fileID: 0}
    - target: {fileID: 224760845638339068, guid: a417e7ee28785e9459f4271011140db0,
        type: 2}
      propertyPath: m_AnchorMax.x
      value: 1
      objectReference: {fileID: 0}
    - target: {fileID: 224760845638339068, guid: a417e7ee28785e9459f4271011140db0,
        type: 2}
      propertyPath: m_AnchorMax.y
      value: 1
      objectReference: {fileID: 0}
    - target: {fileID: 224760845638339068, guid: a417e7ee28785e9459f4271011140db0,
        type: 2}
      propertyPath: m_Pivot.x
      value: 0.5
      objectReference: {fileID: 0}
    - target: {fileID: 224760845638339068, guid: a417e7ee28785e9459f4271011140db0,
        type: 2}
      propertyPath: m_Pivot.y
      value: 0.49999997
      objectReference: {fileID: 0}
    - target: {fileID: 1821536606265894, guid: a417e7ee28785e9459f4271011140db0, type: 2}
      propertyPath: m_Name
      value: Quit Game
      objectReference: {fileID: 0}
    - target: {fileID: 114619650731174916, guid: a417e7ee28785e9459f4271011140db0,
        type: 2}
      propertyPath: m_Text
      value: Quit Game
      objectReference: {fileID: 0}
    - target: {fileID: 114619650731174916, guid: a417e7ee28785e9459f4271011140db0,
        type: 2}
      propertyPath: m_FontData.m_FontSize
      value: 60
      objectReference: {fileID: 0}
    - target: {fileID: 114619650731174916, guid: a417e7ee28785e9459f4271011140db0,
        type: 2}
      propertyPath: m_FontData.m_AlignByGeometry
      value: 1
      objectReference: {fileID: 0}
    - target: {fileID: 114619650731174916, guid: a417e7ee28785e9459f4271011140db0,
        type: 2}
      propertyPath: m_FontData.m_Alignment
      value: 4
      objectReference: {fileID: 0}
    - target: {fileID: 114619650731174916, guid: a417e7ee28785e9459f4271011140db0,
        type: 2}
      propertyPath: m_FontData.m_BestFit
      value: 0
      objectReference: {fileID: 0}
    - target: {fileID: 114880510197303908, guid: a417e7ee28785e9459f4271011140db0,
        type: 2}
      propertyPath: m_Colors.m_NormalColor.r
      value: 0.7794118
      objectReference: {fileID: 0}
    - target: {fileID: 114880510197303908, guid: a417e7ee28785e9459f4271011140db0,
        type: 2}
      propertyPath: m_Colors.m_NormalColor.g
      value: 0.7794118
      objectReference: {fileID: 0}
    - target: {fileID: 114880510197303908, guid: a417e7ee28785e9459f4271011140db0,
        type: 2}
      propertyPath: m_Colors.m_NormalColor.b
      value: 0.7794118
      objectReference: {fileID: 0}
    - target: {fileID: 114880510197303908, guid: a417e7ee28785e9459f4271011140db0,
        type: 2}
      propertyPath: m_OnClick.m_PersistentCalls.m_Calls.Array.data[0].m_Target
      value: 
      objectReference: {fileID: 629186726}
    - target: {fileID: 114880510197303908, guid: a417e7ee28785e9459f4271011140db0,
        type: 2}
      propertyPath: m_OnClick.m_PersistentCalls.m_Calls.Array.data[0].m_MethodName
      value: Exit
      objectReference: {fileID: 0}
    - target: {fileID: 114880510197303908, guid: a417e7ee28785e9459f4271011140db0,
        type: 2}
      propertyPath: m_OnClick.m_PersistentCalls.m_Calls.Array.data[0].m_Mode
      value: 1
      objectReference: {fileID: 0}
    - target: {fileID: 114619650731174916, guid: a417e7ee28785e9459f4271011140db0,
        type: 2}
      propertyPath: m_FontData.m_Font
      value: 
      objectReference: {fileID: 12800000, guid: f50c40d8479c3f94db6e42af8a5657cf,
        type: 3}
    - target: {fileID: 114619650731174916, guid: a417e7ee28785e9459f4271011140db0,
        type: 2}
      propertyPath: m_Color.r
      value: 0.13333334
      objectReference: {fileID: 0}
    - target: {fileID: 114619650731174916, guid: a417e7ee28785e9459f4271011140db0,
        type: 2}
      propertyPath: m_Color.g
      value: 0.13333334
      objectReference: {fileID: 0}
    - target: {fileID: 114619650731174916, guid: a417e7ee28785e9459f4271011140db0,
        type: 2}
      propertyPath: m_Color.b
      value: 0.13333334
      objectReference: {fileID: 0}
    - target: {fileID: 114619650731174916, guid: a417e7ee28785e9459f4271011140db0,
        type: 2}
      propertyPath: m_FontData.m_MinSize
      value: 0
      objectReference: {fileID: 0}
    - target: {fileID: 114787788779828154, guid: a417e7ee28785e9459f4271011140db0,
        type: 2}
      propertyPath: m_Color.r
      value: 0.6985294
      objectReference: {fileID: 0}
    - target: {fileID: 114787788779828154, guid: a417e7ee28785e9459f4271011140db0,
        type: 2}
      propertyPath: m_Color.g
      value: 0.6985294
      objectReference: {fileID: 0}
    - target: {fileID: 114787788779828154, guid: a417e7ee28785e9459f4271011140db0,
        type: 2}
      propertyPath: m_Color.b
      value: 0.6985294
      objectReference: {fileID: 0}
    - target: {fileID: 114619650731174916, guid: a417e7ee28785e9459f4271011140db0,
        type: 2}
      propertyPath: m_FontData.m_MaxSize
      value: 70
      objectReference: {fileID: 0}
    - target: {fileID: 114880510197303908, guid: a417e7ee28785e9459f4271011140db0,
        type: 2}
      propertyPath: m_Colors.m_HighlightedColor.r
      value: 0.3838668
      objectReference: {fileID: 0}
    - target: {fileID: 114880510197303908, guid: a417e7ee28785e9459f4271011140db0,
        type: 2}
      propertyPath: m_Colors.m_HighlightedColor.g
      value: 0.52205884
      objectReference: {fileID: 0}
    - target: {fileID: 114880510197303908, guid: a417e7ee28785e9459f4271011140db0,
        type: 2}
      propertyPath: m_Colors.m_HighlightedColor.b
      value: 0.4152741
      objectReference: {fileID: 0}
    m_RemovedComponents: []
  m_ParentPrefab: {fileID: 100100000, guid: a417e7ee28785e9459f4271011140db0, type: 2}
  m_IsPrefabParent: 0
--- !u!224 &1352235206 stripped
RectTransform:
  m_PrefabParentObject: {fileID: 224760845638339068, guid: a417e7ee28785e9459f4271011140db0,
    type: 2}
  m_PrefabInternal: {fileID: 1352235205}
--- !u!1 &1353390245 stripped
GameObject:
  m_PrefabParentObject: {fileID: 1051694256913890, guid: e58b5ac897666c74bb28990049d1b859,
    type: 2}
  m_PrefabInternal: {fileID: 654115603}
--- !u!114 &1353390250
MonoBehaviour:
  m_ObjectHideFlags: 0
  m_PrefabParentObject: {fileID: 0}
  m_PrefabInternal: {fileID: 0}
  m_GameObject: {fileID: 1353390245}
  m_Enabled: 1
  m_EditorHideFlags: 0
  m_Script: {fileID: 11500000, guid: bcd20d96d573e9a4b9fe73a1300a8ad2, type: 3}
  m_Name: 
  m_EditorClassIdentifier: 
  AMPLITUDE: 0.1
  SPEED: 0.5
  timeOffset: 3
--- !u!4 &1361328191 stripped
Transform:
  m_PrefabParentObject: {fileID: 4864613171861766, guid: e58b5ac897666c74bb28990049d1b859,
    type: 2}
  m_PrefabInternal: {fileID: 1367094579}
--- !u!1001 &1367094579
Prefab:
  m_ObjectHideFlags: 0
  serializedVersion: 2
  m_Modification:
    m_TransformParent: {fileID: 372314615}
    m_Modifications:
    - target: {fileID: 4864613171861766, guid: e58b5ac897666c74bb28990049d1b859, type: 2}
      propertyPath: m_LocalPosition.x
      value: 1
      objectReference: {fileID: 0}
    - target: {fileID: 4864613171861766, guid: e58b5ac897666c74bb28990049d1b859, type: 2}
      propertyPath: m_LocalPosition.y
      value: 0
      objectReference: {fileID: 0}
    - target: {fileID: 4864613171861766, guid: e58b5ac897666c74bb28990049d1b859, type: 2}
      propertyPath: m_LocalPosition.z
      value: 1
      objectReference: {fileID: 0}
    - target: {fileID: 4864613171861766, guid: e58b5ac897666c74bb28990049d1b859, type: 2}
      propertyPath: m_LocalRotation.x
      value: -0
      objectReference: {fileID: 0}
    - target: {fileID: 4864613171861766, guid: e58b5ac897666c74bb28990049d1b859, type: 2}
      propertyPath: m_LocalRotation.y
      value: -0
      objectReference: {fileID: 0}
    - target: {fileID: 4864613171861766, guid: e58b5ac897666c74bb28990049d1b859, type: 2}
      propertyPath: m_LocalRotation.z
      value: -0
      objectReference: {fileID: 0}
    - target: {fileID: 4864613171861766, guid: e58b5ac897666c74bb28990049d1b859, type: 2}
      propertyPath: m_LocalRotation.w
      value: 1
      objectReference: {fileID: 0}
    - target: {fileID: 4864613171861766, guid: e58b5ac897666c74bb28990049d1b859, type: 2}
      propertyPath: m_RootOrder
      value: 7
      objectReference: {fileID: 0}
    - target: {fileID: 1051694256913890, guid: e58b5ac897666c74bb28990049d1b859, type: 2}
      propertyPath: m_Name
      value: Tile (5)
      objectReference: {fileID: 0}
    - target: {fileID: 23687643379516610, guid: e58b5ac897666c74bb28990049d1b859,
        type: 2}
      propertyPath: m_Materials.Array.data[0]
      value: 
      objectReference: {fileID: 2100000, guid: dec3feffc9ff3e7459bf592e8aee0679, type: 2}
    m_RemovedComponents: []
  m_ParentPrefab: {fileID: 100100000, guid: e58b5ac897666c74bb28990049d1b859, type: 2}
  m_IsPrefabParent: 0
--- !u!1001 &1482990175
Prefab:
  m_ObjectHideFlags: 0
  serializedVersion: 2
  m_Modification:
    m_TransformParent: {fileID: 372314615}
    m_Modifications:
    - target: {fileID: 4864613171861766, guid: e58b5ac897666c74bb28990049d1b859, type: 2}
      propertyPath: m_LocalPosition.x
      value: 0
      objectReference: {fileID: 0}
    - target: {fileID: 4864613171861766, guid: e58b5ac897666c74bb28990049d1b859, type: 2}
      propertyPath: m_LocalPosition.y
      value: 0
      objectReference: {fileID: 0}
    - target: {fileID: 4864613171861766, guid: e58b5ac897666c74bb28990049d1b859, type: 2}
      propertyPath: m_LocalPosition.z
      value: 1
      objectReference: {fileID: 0}
    - target: {fileID: 4864613171861766, guid: e58b5ac897666c74bb28990049d1b859, type: 2}
      propertyPath: m_LocalRotation.x
      value: -0
      objectReference: {fileID: 0}
    - target: {fileID: 4864613171861766, guid: e58b5ac897666c74bb28990049d1b859, type: 2}
      propertyPath: m_LocalRotation.y
      value: -0
      objectReference: {fileID: 0}
    - target: {fileID: 4864613171861766, guid: e58b5ac897666c74bb28990049d1b859, type: 2}
      propertyPath: m_LocalRotation.z
      value: -0
      objectReference: {fileID: 0}
    - target: {fileID: 4864613171861766, guid: e58b5ac897666c74bb28990049d1b859, type: 2}
      propertyPath: m_LocalRotation.w
      value: 1
      objectReference: {fileID: 0}
    - target: {fileID: 4864613171861766, guid: e58b5ac897666c74bb28990049d1b859, type: 2}
      propertyPath: m_RootOrder
      value: 6
      objectReference: {fileID: 0}
    - target: {fileID: 1051694256913890, guid: e58b5ac897666c74bb28990049d1b859, type: 2}
      propertyPath: m_Name
      value: Tile (4)
      objectReference: {fileID: 0}
    m_RemovedComponents: []
  m_ParentPrefab: {fileID: 100100000, guid: e58b5ac897666c74bb28990049d1b859, type: 2}
  m_IsPrefabParent: 0
--- !u!1 &1483843566 stripped
GameObject:
  m_PrefabParentObject: {fileID: 1051694256913890, guid: e58b5ac897666c74bb28990049d1b859,
    type: 2}
  m_PrefabInternal: {fileID: 952298362}
--- !u!114 &1483843567
MonoBehaviour:
  m_ObjectHideFlags: 0
  m_PrefabParentObject: {fileID: 0}
  m_PrefabInternal: {fileID: 0}
  m_GameObject: {fileID: 1483843566}
  m_Enabled: 1
  m_EditorHideFlags: 0
  m_Script: {fileID: 11500000, guid: bcd20d96d573e9a4b9fe73a1300a8ad2, type: 3}
  m_Name: 
  m_EditorClassIdentifier: 
  AMPLITUDE: 0.2
  SPEED: 0.5
  timeOffset: 2
--- !u!4 &1483843571 stripped
Transform:
  m_PrefabParentObject: {fileID: 4864613171861766, guid: e58b5ac897666c74bb28990049d1b859,
    type: 2}
  m_PrefabInternal: {fileID: 952298362}
--- !u!1 &1498072746 stripped
GameObject:
  m_PrefabParentObject: {fileID: 1051694256913890, guid: e58b5ac897666c74bb28990049d1b859,
    type: 2}
  m_PrefabInternal: {fileID: 1776866568}
--- !u!114 &1498072747
MonoBehaviour:
  m_ObjectHideFlags: 0
  m_PrefabParentObject: {fileID: 0}
  m_PrefabInternal: {fileID: 0}
  m_GameObject: {fileID: 1498072746}
  m_Enabled: 1
  m_EditorHideFlags: 0
  m_Script: {fileID: 11500000, guid: bcd20d96d573e9a4b9fe73a1300a8ad2, type: 3}
  m_Name: 
  m_EditorClassIdentifier: 
  AMPLITUDE: 0.25
  SPEED: 0.5
  timeOffset: 5
--- !u!4 &1498072751 stripped
Transform:
  m_PrefabParentObject: {fileID: 4864613171861766, guid: e58b5ac897666c74bb28990049d1b859,
    type: 2}
  m_PrefabInternal: {fileID: 1776866568}
--- !u!1 &1597980757 stripped
GameObject:
  m_PrefabParentObject: {fileID: 1051694256913890, guid: e58b5ac897666c74bb28990049d1b859,
    type: 2}
  m_PrefabInternal: {fileID: 689279434}
--- !u!114 &1597980758
MonoBehaviour:
  m_ObjectHideFlags: 0
  m_PrefabParentObject: {fileID: 0}
  m_PrefabInternal: {fileID: 0}
  m_GameObject: {fileID: 1597980757}
  m_Enabled: 1
  m_EditorHideFlags: 0
  m_Script: {fileID: 11500000, guid: bcd20d96d573e9a4b9fe73a1300a8ad2, type: 3}
  m_Name: 
  m_EditorClassIdentifier: 
  AMPLITUDE: 0.2
  SPEED: 0.5
  timeOffset: 4
--- !u!4 &1597980762 stripped
Transform:
  m_PrefabParentObject: {fileID: 4864613171861766, guid: e58b5ac897666c74bb28990049d1b859,
    type: 2}
  m_PrefabInternal: {fileID: 689279434}
--- !u!1001 &1737179891
Prefab:
  m_ObjectHideFlags: 0
  serializedVersion: 2
  m_Modification:
    m_TransformParent: {fileID: 372314615}
    m_Modifications:
    - target: {fileID: 4274709906411902, guid: 19b252a90eccc1845bae159cd24eb0a8, type: 2}
      propertyPath: m_LocalPosition.x
      value: 1
      objectReference: {fileID: 0}
    - target: {fileID: 4274709906411902, guid: 19b252a90eccc1845bae159cd24eb0a8, type: 2}
      propertyPath: m_LocalPosition.y
      value: 0
      objectReference: {fileID: 0}
    - target: {fileID: 4274709906411902, guid: 19b252a90eccc1845bae159cd24eb0a8, type: 2}
      propertyPath: m_LocalPosition.z
      value: 1
      objectReference: {fileID: 0}
    - target: {fileID: 4274709906411902, guid: 19b252a90eccc1845bae159cd24eb0a8, type: 2}
      propertyPath: m_LocalRotation.x
      value: -0
      objectReference: {fileID: 0}
    - target: {fileID: 4274709906411902, guid: 19b252a90eccc1845bae159cd24eb0a8, type: 2}
      propertyPath: m_LocalRotation.y
      value: -0
      objectReference: {fileID: 0}
    - target: {fileID: 4274709906411902, guid: 19b252a90eccc1845bae159cd24eb0a8, type: 2}
      propertyPath: m_LocalRotation.z
      value: -0
      objectReference: {fileID: 0}
    - target: {fileID: 4274709906411902, guid: 19b252a90eccc1845bae159cd24eb0a8, type: 2}
      propertyPath: m_LocalRotation.w
      value: 1
      objectReference: {fileID: 0}
    - target: {fileID: 4274709906411902, guid: 19b252a90eccc1845bae159cd24eb0a8, type: 2}
      propertyPath: m_RootOrder
      value: 14
      objectReference: {fileID: 0}
    - target: {fileID: 4274709906411902, guid: 19b252a90eccc1845bae159cd24eb0a8, type: 2}
      propertyPath: m_LocalScale.x
      value: 1.2
      objectReference: {fileID: 0}
    - target: {fileID: 4274709906411902, guid: 19b252a90eccc1845bae159cd24eb0a8, type: 2}
      propertyPath: m_LocalScale.y
      value: 1.2
      objectReference: {fileID: 0}
    - target: {fileID: 4274709906411902, guid: 19b252a90eccc1845bae159cd24eb0a8, type: 2}
      propertyPath: m_LocalScale.z
      value: 1.2
      objectReference: {fileID: 0}
    - target: {fileID: 33299068532863890, guid: 19b252a90eccc1845bae159cd24eb0a8,
        type: 2}
      propertyPath: m_Mesh
      value: 
      objectReference: {fileID: 4300016, guid: 0306dd3692ac51e46978dbc9b43eec6a, type: 3}
    m_RemovedComponents:
    - {fileID: 114439027203625498, guid: 19b252a90eccc1845bae159cd24eb0a8, type: 2}
  m_ParentPrefab: {fileID: 100100000, guid: 19b252a90eccc1845bae159cd24eb0a8, type: 2}
  m_IsPrefabParent: 0
--- !u!1001 &1776866568
Prefab:
  m_ObjectHideFlags: 0
  serializedVersion: 2
  m_Modification:
    m_TransformParent: {fileID: 372314615}
    m_Modifications:
    - target: {fileID: 4864613171861766, guid: e58b5ac897666c74bb28990049d1b859, type: 2}
      propertyPath: m_LocalPosition.x
      value: 0
      objectReference: {fileID: 0}
    - target: {fileID: 4864613171861766, guid: e58b5ac897666c74bb28990049d1b859, type: 2}
      propertyPath: m_LocalPosition.y
      value: 0.14
      objectReference: {fileID: 0}
    - target: {fileID: 4864613171861766, guid: e58b5ac897666c74bb28990049d1b859, type: 2}
      propertyPath: m_LocalPosition.z
      value: 3
      objectReference: {fileID: 0}
    - target: {fileID: 4864613171861766, guid: e58b5ac897666c74bb28990049d1b859, type: 2}
      propertyPath: m_LocalRotation.x
      value: -0
      objectReference: {fileID: 0}
    - target: {fileID: 4864613171861766, guid: e58b5ac897666c74bb28990049d1b859, type: 2}
      propertyPath: m_LocalRotation.y
      value: -0
      objectReference: {fileID: 0}
    - target: {fileID: 4864613171861766, guid: e58b5ac897666c74bb28990049d1b859, type: 2}
      propertyPath: m_LocalRotation.z
      value: -0
      objectReference: {fileID: 0}
    - target: {fileID: 4864613171861766, guid: e58b5ac897666c74bb28990049d1b859, type: 2}
      propertyPath: m_LocalRotation.w
      value: 1
      objectReference: {fileID: 0}
    - target: {fileID: 4864613171861766, guid: e58b5ac897666c74bb28990049d1b859, type: 2}
      propertyPath: m_RootOrder
      value: 0
      objectReference: {fileID: 0}
    - target: {fileID: 1051694256913890, guid: e58b5ac897666c74bb28990049d1b859, type: 2}
      propertyPath: m_Name
      value: Tile (12)
      objectReference: {fileID: 0}
    m_RemovedComponents: []
  m_ParentPrefab: {fileID: 100100000, guid: e58b5ac897666c74bb28990049d1b859, type: 2}
  m_IsPrefabParent: 0
--- !u!4 &1886466486 stripped
Transform:
  m_PrefabParentObject: {fileID: 4864613171861766, guid: e58b5ac897666c74bb28990049d1b859,
    type: 2}
  m_PrefabInternal: {fileID: 654115603}
--- !u!1 &1897639312
GameObject:
  m_ObjectHideFlags: 0
  m_PrefabParentObject: {fileID: 0}
  m_PrefabInternal: {fileID: 0}
  serializedVersion: 5
  m_Component:
  - component: {fileID: 1897639313}
  - component: {fileID: 1897639315}
  - component: {fileID: 1897639314}
  m_Layer: 0
  m_Name: Credits
  m_TagString: Untagged
  m_Icon: {fileID: 0}
  m_NavMeshLayer: 0
  m_StaticEditorFlags: 0
  m_IsActive: 1
--- !u!224 &1897639313
RectTransform:
  m_ObjectHideFlags: 0
  m_PrefabParentObject: {fileID: 0}
  m_PrefabInternal: {fileID: 0}
  m_GameObject: {fileID: 1897639312}
  m_LocalRotation: {x: -0, y: -0, z: -0, w: 1}
  m_LocalPosition: {x: 0, y: 0, z: 0}
  m_LocalScale: {x: 1, y: 1, z: 1}
  m_Children: []
  m_Father: {fileID: 629186725}
  m_RootOrder: 4
  m_LocalEulerAnglesHint: {x: 0, y: 0, z: 0}
  m_AnchorMin: {x: 1, y: 0}
  m_AnchorMax: {x: 1, y: 0}
  m_AnchoredPosition: {x: -199.85, y: 20}
  m_SizeDelta: {x: 399.7, y: 44.3}
  m_Pivot: {x: 0.5, y: 0.5}
--- !u!114 &1897639314
MonoBehaviour:
  m_ObjectHideFlags: 0
  m_PrefabParentObject: {fileID: 0}
  m_PrefabInternal: {fileID: 0}
  m_GameObject: {fileID: 1897639312}
  m_Enabled: 1
  m_EditorHideFlags: 0
  m_Script: {fileID: 708705254, guid: f70555f144d8491a825f0804e09c671c, type: 3}
  m_Name: 
  m_EditorClassIdentifier: 
  m_Material: {fileID: 0}
  m_Color: {r: 0.4705882, g: 0.4705882, b: 0.4705882, a: 1}
  m_RaycastTarget: 1
  m_OnCullStateChanged:
    m_PersistentCalls:
      m_Calls: []
    m_TypeName: UnityEngine.UI.MaskableGraphic+CullStateChangedEvent, UnityEngine.UI,
      Version=1.0.0.0, Culture=neutral, PublicKeyToken=null
  m_FontData:
    m_Font: {fileID: 12800000, guid: f50c40d8479c3f94db6e42af8a5657cf, type: 3}
    m_FontSize: 20
    m_FontStyle: 0
    m_BestFit: 0
    m_MinSize: 0
    m_MaxSize: 120
    m_Alignment: 4
    m_AlignByGeometry: 0
    m_RichText: 1
    m_HorizontalOverflow: 0
    m_VerticalOverflow: 0
    m_LineSpacing: 1
  m_Text: A Ludum Dare 41 Compo Game by FiloGCS
--- !u!222 &1897639315
CanvasRenderer:
  m_ObjectHideFlags: 0
  m_PrefabParentObject: {fileID: 0}
  m_PrefabInternal: {fileID: 0}
  m_GameObject: {fileID: 1897639312}
--- !u!1001 &1914249091
Prefab:
  m_ObjectHideFlags: 0
  serializedVersion: 2
  m_Modification:
    m_TransformParent: {fileID: 372314615}
    m_Modifications:
    - target: {fileID: 4864613171861766, guid: e58b5ac897666c74bb28990049d1b859, type: 2}
      propertyPath: m_LocalPosition.x
      value: 0
      objectReference: {fileID: 0}
    - target: {fileID: 4864613171861766, guid: e58b5ac897666c74bb28990049d1b859, type: 2}
      propertyPath: m_LocalPosition.y
      value: 0
      objectReference: {fileID: 0}
    - target: {fileID: 4864613171861766, guid: e58b5ac897666c74bb28990049d1b859, type: 2}
      propertyPath: m_LocalPosition.z
      value: 0
      objectReference: {fileID: 0}
    - target: {fileID: 4864613171861766, guid: e58b5ac897666c74bb28990049d1b859, type: 2}
      propertyPath: m_LocalRotation.x
      value: -0
      objectReference: {fileID: 0}
    - target: {fileID: 4864613171861766, guid: e58b5ac897666c74bb28990049d1b859, type: 2}
      propertyPath: m_LocalRotation.y
      value: -0
      objectReference: {fileID: 0}
    - target: {fileID: 4864613171861766, guid: e58b5ac897666c74bb28990049d1b859, type: 2}
      propertyPath: m_LocalRotation.z
      value: -0
      objectReference: {fileID: 0}
    - target: {fileID: 4864613171861766, guid: e58b5ac897666c74bb28990049d1b859, type: 2}
      propertyPath: m_LocalRotation.w
      value: 1
      objectReference: {fileID: 0}
    - target: {fileID: 4864613171861766, guid: e58b5ac897666c74bb28990049d1b859, type: 2}
      propertyPath: m_RootOrder
      value: 3
      objectReference: {fileID: 0}
    - target: {fileID: 1051694256913890, guid: e58b5ac897666c74bb28990049d1b859, type: 2}
      propertyPath: m_Name
      value: Tile (1)
      objectReference: {fileID: 0}
    - target: {fileID: 23687643379516610, guid: e58b5ac897666c74bb28990049d1b859,
        type: 2}
      propertyPath: m_Materials.Array.data[0]
      value: 
      objectReference: {fileID: 2100000, guid: dec3feffc9ff3e7459bf592e8aee0679, type: 2}
    m_RemovedComponents: []
  m_ParentPrefab: {fileID: 100100000, guid: e58b5ac897666c74bb28990049d1b859, type: 2}
  m_IsPrefabParent: 0
--- !u!1 &1950662368
GameObject:
  m_ObjectHideFlags: 0
  m_PrefabParentObject: {fileID: 0}
  m_PrefabInternal: {fileID: 0}
  serializedVersion: 5
  m_Component:
  - component: {fileID: 1950662371}
  - component: {fileID: 1950662370}
  - component: {fileID: 1950662369}
  m_Layer: 0
  m_Name: EventSystem
  m_TagString: Untagged
  m_Icon: {fileID: 0}
  m_NavMeshLayer: 0
  m_StaticEditorFlags: 0
  m_IsActive: 1
--- !u!114 &1950662369
MonoBehaviour:
  m_ObjectHideFlags: 0
  m_PrefabParentObject: {fileID: 0}
  m_PrefabInternal: {fileID: 0}
  m_GameObject: {fileID: 1950662368}
  m_Enabled: 1
  m_EditorHideFlags: 0
  m_Script: {fileID: 1077351063, guid: f5f67c52d1564df4a8936ccd202a3bd8, type: 3}
  m_Name: 
  m_EditorClassIdentifier: 
  m_HorizontalAxis: Horizontal
  m_VerticalAxis: Vertical
  m_SubmitButton: Submit
  m_CancelButton: Cancel
  m_InputActionsPerSecond: 10
  m_RepeatDelay: 0.5
  m_ForceModuleActive: 0
--- !u!114 &1950662370
MonoBehaviour:
  m_ObjectHideFlags: 0
  m_PrefabParentObject: {fileID: 0}
  m_PrefabInternal: {fileID: 0}
  m_GameObject: {fileID: 1950662368}
  m_Enabled: 1
  m_EditorHideFlags: 0
  m_Script: {fileID: -619905303, guid: f5f67c52d1564df4a8936ccd202a3bd8, type: 3}
  m_Name: 
  m_EditorClassIdentifier: 
  m_FirstSelected: {fileID: 0}
  m_sendNavigationEvents: 1
  m_DragThreshold: 5
--- !u!4 &1950662371
Transform:
  m_ObjectHideFlags: 0
  m_PrefabParentObject: {fileID: 0}
  m_PrefabInternal: {fileID: 0}
  m_GameObject: {fileID: 1950662368}
  m_LocalRotation: {x: 0, y: 0, z: 0, w: 1}
  m_LocalPosition: {x: 0, y: 0, z: 0}
  m_LocalScale: {x: 1, y: 1, z: 1}
  m_Children: []
  m_Father: {fileID: 0}
  m_RootOrder: 2
  m_LocalEulerAnglesHint: {x: 0, y: 0, z: 0}
--- !u!4 &1962178136 stripped
Transform:
  m_PrefabParentObject: {fileID: 4274709906411902, guid: 19b252a90eccc1845bae159cd24eb0a8,
    type: 2}
  m_PrefabInternal: {fileID: 1737179891}
--- !u!4 &1963584693 stripped
Transform:
  m_PrefabParentObject: {fileID: 4274709906411902, guid: c284d6034b33775418414ee6a0d53a73,
    type: 2}
  m_PrefabInternal: {fileID: 1177335727}
--- !u!4 &2035062063 stripped
Transform:
  m_PrefabParentObject: {fileID: 4864613171861766, guid: e58b5ac897666c74bb28990049d1b859,
    type: 2}
  m_PrefabInternal: {fileID: 155952525}
--- !u!1 &2096319982
GameObject:
  m_ObjectHideFlags: 0
  m_PrefabParentObject: {fileID: 0}
  m_PrefabInternal: {fileID: 0}
  serializedVersion: 5
  m_Component:
  - component: {fileID: 2096319984}
  - component: {fileID: 2096319983}
  m_Layer: 0
  m_Name: Spotlight
  m_TagString: Untagged
  m_Icon: {fileID: 0}
  m_NavMeshLayer: 0
  m_StaticEditorFlags: 0
  m_IsActive: 1
--- !u!108 &2096319983
Light:
  m_ObjectHideFlags: 0
  m_PrefabParentObject: {fileID: 0}
  m_PrefabInternal: {fileID: 0}
  m_GameObject: {fileID: 2096319982}
  m_Enabled: 1
  serializedVersion: 8
  m_Type: 0
  m_Color: {r: 1, g: 0.8154158, b: 0.4852941, a: 1}
  m_Intensity: 2
  m_Range: 10
  m_SpotAngle: 65.1871
  m_CookieSize: 10
  m_Shadows:
    m_Type: 0
    m_Resolution: -1
    m_CustomResolution: -1
    m_Strength: 1
    m_Bias: 0.05
    m_NormalBias: 0.4
    m_NearPlane: 0.2
  m_Cookie: {fileID: 0}
  m_DrawHalo: 0
  m_Flare: {fileID: 0}
  m_RenderMode: 0
  m_CullingMask:
    serializedVersion: 2
    m_Bits: 4294967295
  m_Lightmapping: 4
  m_AreaSize: {x: 1, y: 1}
  m_BounceIntensity: 1
  m_ColorTemperature: 6570
  m_UseColorTemperature: 0
  m_ShadowRadius: 0
  m_ShadowAngle: 0
--- !u!4 &2096319984
Transform:
  m_ObjectHideFlags: 0
  m_PrefabParentObject: {fileID: 0}
  m_PrefabInternal: {fileID: 0}
  m_GameObject: {fileID: 2096319982}
  m_LocalRotation: {x: 0.7071068, y: -0, z: -0, w: 0.7071068}
  m_LocalPosition: {x: 0.67, y: 3.85, z: 0.3}
  m_LocalScale: {x: 1, y: 1, z: 1}
  m_Children: []
  m_Father: {fileID: 372314615}
  m_RootOrder: 15
  m_LocalEulerAnglesHint: {x: 90, y: 0, z: 0}
